% Encoding: UTF-8

@Book{Thompson1998,
  author    = {Silvanus Phillips Thompson and Martin Gardner},
  publisher = {St. Martin's Press},
  title     = {{C}alculus made easy},
  year      = {1998},
  address   = {New York},
  isbn      = {9780312185480},
  note      = {Newly Revised, Updated, Expanded, and Annotated for its 1998 edition.},
}

@Book{Graham1994,
  author    = {Ronald L. Graham and Donald E. Knuth and Oren Patashnik},
  publisher = {Addison Wesley},
  title     = {{C}oncrete {M}athematics: {A} {F}oundation for {C}omputer {S}cience},
  year      = {1994},
  address   = {Upper Saddle River},
  edition   = {Second},
  isbn      = {9780201558029},
  url       = {https://www-cs-faculty.stanford.edu/~knuth/gkp.html},
}

@Comment{jabref-meta: databaseType:bibtex;}
